@article{spinningq,
  title = "{{S}pinning {Q}-{B}alls}",
  author = {Volkov, Mikhail S. and W\"ohnert, Erik},
  journal = {Phys. Rev. D},
  volume = {66},
  issue = {8},
  pages = {085003},
  numpages = {9},
  year = {2002},
  month = {Oct},
  publisher = {American Physical Society},
  doi = {10.1103/PhysRevD.66.085003},
  url = {https://link.aps.org/doi/10.1103/PhysRevD.66.085003}
}

@ARTICLE{coleman,
  title = "{{Q}-{B}alls}",
  author = {Sidney Coleman},
  journal = {Nucl. Phys. B262},
  pages = {744-744},
  issue = {3},
  year = {1986},
  month = {Jun},
  volume = {269},
  doi = {10.1016/0550-3213(86)90520-1},
  adsurl = {http://adsabs.harvard.edu/abs/1986NuPhB.269R.744.},
  adsnote = {Provided by the SAO/NASA Astrophysics Data System}
}

@book{evanspde,
  title={{P}artial {D}ifferential {E}quations},
  author={Evans, L.C.},
  isbn={9780821807729},
  lccn={97041033},
  series={Graduate Studies in Mathematics},
  url={https://books.google.com/books?id=5Pv4LVB\_m8AC},
  year={1998},
  publisher={American Mathematical Society}
}

@book{russellsoliton,
  author    = {John Scott Russell}, 
  title     = {{R}eport on {W}aves},
  publisher = {Report of the British Association for the Advancement of Science},
  year      = 1845
}

@article{KDV,
author = {Dr. D. J. Korteweg  and  Dr. G. de Vries },
title = {On the change of form of long waves advancing in a rectangular canal, and on a new type of long stationary waves},
journal = {Philosophical Magazine Series 5},
volume = {39},
number = {240},
pages = {422-443},
year = {1895},
doi = {10.1080/14786449508620739},
URL = {http://dx.doi.org/10.1080/14786449508620739},
eprint = {http://dx.doi.org/10.1080/14786449508620739}
}

@book{curvedsurf,
  author    = {Rudolf Steuerwald}, 
  title     = {\"{U}ber Enneper'sche fl\"{a}chen und B\"{a}cklund'sche transformation},
  publisher = {Verlag der Bayerischen Akademie der Wissenschaften},
  year      = 1936
}

@article{sinegordon,
      author        = "Frenkel, J and Kontorova, T",
      title         = "{On the theory of plastic deformation and twinning}",
      journal       = "Izv. Akad. Nauk, Ser. Fiz.",
      volume        = "1",
      pages         = "137-149",
      year          = "1939",
      url           = "http://cds.cern.ch/record/431595",
}

@book{nakahara,
  title={{G}eometry, {T}opology and {P}hysics},
  author={Nakahara, M.},
  isbn={978-0750306065},
  series={Graduate Student Series in Physics},
  url={https://books.google.com/books?id=5Pv4LVB\_m8AC},
  year={2003},
  publisher={Taylor \& Francis Group}
}

@article{qball1,
  title = {Charge-Swapping $Q$-Balls},
  author = {Copeland, Edmund J. and Saffin, Paul M. and Zhou, Shuang-Yong},
  journal = {Phys. Rev. Lett.},
  volume = {113},
  issue = {23},
  pages = {231603},
  numpages = {5},
  year = {2014},
  month = {Dec},
  publisher = {American Physical Society},
  doi = {10.1103/PhysRevLett.113.231603},
  url = {https://link.aps.org/doi/10.1103/PhysRevLett.113.231603}
}

@article{qball2,
title = "Compact {Q}-balls",
journal = "Physics Letters B ",
volume = "758",
number = "",
pages = "146 - 151",
year = "2016",
note = "",
issn = "0370-2693",
doi = "https://doi.org/10.1016/j.physletb.2016.04.060",
url = "http://www.sciencedirect.com/science/article/pii/S0370269316301393",
author = "D. Bazeia and L. Losano and M.A. Marques and R. Menezes and R. da Rocha"
}

@article{qball3,
  title = {Analytic $Q$-ball solutions and their stability in a piecewise parabolic potential},
  author = {Gulamov, I. E. and Nugaev, E. Ya. and Smolyakov, M. N.},
  journal = {Phys. Rev. D},
  volume = {87},
  issue = {8},
  pages = {085043},
  numpages = {11},
  year = {2013},
  month = {Apr},
  publisher = {American Physical Society},
  doi = {10.1103/PhysRevD.87.085043},
  url = {https://link.aps.org/doi/10.1103/PhysRevD.87.085043}
}

@article{qball4,
title = "Q-ball instability due to $\mathsf{U}(1)$ breaking",
journal = "Physics Letters B ",
volume = "619",
number = "3–4",
pages = "233 - 239",
year = "2005",
note = "",
issn = "0370-2693",
doi = "https://doi.org/10.1016/j.physletb.2005.05.082",
url = "http://www.sciencedirect.com/science/article/pii/S0370269305007938",
author = "Masahiro Kawasaki and Kenichiro Konya and Fuminobu Takahashi"
}

@article{qball5,
title = "Noncommutative {Q}-balls",
journal = "Physics Letters B ",
volume = "507",
number = "1–4",
pages = "207 - 213",
year = "2001",
note = "",
issn = "0370-2693",
doi = "https://doi.org/10.1016/S0370-2693(01)00473-7",
url = "http://www.sciencedirect.com/science/article/pii/S0370269301004737",
author = "Youngjai Kiem and Chanju Kim and Yoonbai Kim",
keywords = "Noncommutative field theory",
keywords = "Q-balls",
keywords = "Nontopological solitons "
}

@misc{baryogen2,
Author = {Takashi Tamaki and Nobuyuki Sakai},
Title = {Gauged {Q}-balls in the {A}ffleck-{D}ine mechanism},
Year = {2014},
Eprint = {arXiv:1401.0996},
}

@phdthesis{qball6,
  author        = {Peter Joslin}, 
  title         = {The {P}hysics of {Q}-balls},
  school        = {University of Nottingham},
  year          = 2009,
  archivePrefix = "arXiv",
  eprint        = {0910.3845},
  primaryClass  = "hep-th"
}

@article{qball7,
  author={Peter Bowcock and David Foster and Paul Sutcliffe},
  title={Q-balls, integrability and duality},
  journal={Journal of Physics A: Mathematical and Theoretical},
  volume={42},
  number={8},
  pages={085403},
  url={http://stacks.iop.org/1751-8121/42/i=8/a=085403},
  year={2009}
}

@Article{qball8,
author="Adam, C.
and S{\'a}nchez-Guill{\'e}n, J.
and Wereszczy{\'{n}}ski, A.",
title="Hopf solitons and {H}opf Q-balls on ${S}^3$",
journal="The European Physical Journal C - Particles and Fields",
year="2006",
volume="47",
number="2",
pages="513--524",
issn="1434-6052",
doi="10.1140/epjc/s2006-02571-1",
url="http://dx.doi.org/10.1140/epjc/s2006-02571-1"
}

@article{qball9,
  title = {Dynamics of nontopological solitons: {Q} balls},
  author = {Axenides, Minos and Komineas, Stavros and Perivolaropoulos, Leandros and Floratos, Manolis},
  journal = {Phys. Rev. D},
  volume = {61},
  issue = {8},
  pages = {085006},
  numpages = {11},
  year = {2000},
  month = {Mar},
  publisher = {American Physical Society},
  doi = {10.1103/PhysRevD.61.085006},
  url = {https://link.aps.org/doi/10.1103/PhysRevD.61.085006}
}

@article{SUSY,
title = "Solitons in the supersymmetric extensions of the standard model",
journal = "Physics Letters B",
volume = "405",
number = "1",
pages = "108 - 113",
year = "1997",
note = "",
issn = "0370-2693",
doi = "http://dx.doi.org/10.1016/S0370-2693(97)00584-4",
url = "http://www.sciencedirect.com/science/article/pii/S0370269397005844",
author = "Alexander Kusenko",
}

@article{darkmatter,
title = "Supersymmetric {Q}-balls as dark matter ",
journal = "Physics Letters B ",
volume = "418",
number = "1–2",
pages = "46 - 54",
year = "1998",
note = "",
issn = "0370-2693",
doi = "https://doi.org/10.1016/S0370-2693(97)01375-0",
url = "http://www.sciencedirect.com/science/article/pii/S0370269397013750",
author = "Alexander Kusenko and Mikhail Shaposhnikov"
}

@article{baryogen,
title = "Q-balls and baryogenesis in the {MSSM}",
journal = "Physics Letters B ",
volume = "425",
number = "3–4",
pages = "309 - 321",
year = "1998",
note = "",
issn = "0370-2693",
doi = "https://doi.org/10.1016/S0370-2693(98)00271-8",
url = "http://www.sciencedirect.com/science/article/pii/S0370269398002718",
author = "Kari Enqvist and John McDonald"
}

@article{nonabelian,
title = "Some non-abelian {Q}-balls",
journal = "Nuclear Physics B",
volume = "297",
number = "3",
pages = "498 - 514",
year = "1988",
note = "",
issn = "0550-3213",
doi = "http://dx.doi.org/10.1016/0550-3213(88)90315-X",
url = "http://www.sciencedirect.com/science/article/pii/055032138890315X",
author = "Alex M. Safian and Sidney Coleman and Minos Axenides",
}

@book{feynman,
  author    = {Richard P. Feynman and Robert B. Leighton and Matthew Sands}, 
  title     = {The Feynman Lectures on Physics},
  publisher = {Addison Wesley Longman},
  year      = 1970,
  volume    = 2,
  month     = 1,
  isbn      = {978-0201021158}
}

@book{PDE,
  author    = {Lawrence C. Evans}, 
  title     = {Partial Differential Equations},
  publisher = {American Mathematical Society},
  year      = 2010,
  volume    = 19,
  edition   = 2,
  isbn      = {978-0-8218-4974-3}
}